<record xmlns="http://www.loc.gov/MARC21/slim" xmlns:xsi="http://www.w3.org/2001/XMLSchema-instance" xsi:schemaLocation="http://www.loc.gov/MARC21/slim http://www.loc.gov/standards/marcxml/schema/MARC21slim.xsd"><leader>01294nz   2200253n  4500</leader><controlfield tag="001">oca01729991 </controlfield><controlfield tag="005">19861216094551.8</controlfield><controlfield tag="008">861211n| acannaab|          |a aaa |||  </controlfield><datafield ind1=" " ind2=" " tag="010"><subfield code="a">n  86870862 </subfield></datafield><datafield ind1=" " ind2=" " tag="040"><subfield code="a">DLC</subfield><subfield code="c">DLC</subfield><subfield code="d">DLC</subfield></datafield><datafield ind1="0" ind2=" " tag="100"><subfield code="a">Damaskios,</subfield><subfield code="d">ca. 480-ca. 550.</subfield></datafield><datafield ind1="0" ind2=" " tag="400"><subfield code="a">Damascius,</subfield><subfield code="d">ca. 480-ca. 550</subfield></datafield><datafield ind1="0" ind2=" " tag="400"><subfield code="a">Damascius,</subfield><subfield code="c">le Diadoque,</subfield><subfield code="d">ca. 480-ca. 550</subfield></datafield><datafield ind1="0" ind2=" " tag="400"><subfield code="a">Damaskios,</subfield><subfield code="c">Diadochos,</subfield><subfield code="d">ca. 480-ca. 550</subfield></datafield><datafield ind1="0" ind2=" " tag="400"><subfield code="a">Damascius,</subfield><subfield code="c">Successor,</subfield><subfield code="d">ca. 480-ca. 550</subfield></datafield><datafield ind1="0" ind2=" " tag="400"><subfield code="a">Damascius,</subfield><subfield code="c">the Syrian,</subfield><subfield code="d">ca. 480-ca. 550</subfield></datafield><datafield ind1="0" ind2=" " tag="400"><subfield code="a">Damascius,</subfield><subfield code="c">the Syrian</subfield><subfield code="w">nnaa</subfield></datafield><datafield ind1=" " ind2=" " tag="670"><subfield code="a">His TraiteÌ&#x81; des premiers principes, 1986- :</subfield><subfield code="b">v. 1, t.p. (Damascius) p. xxx (Damascii, philosophi platonici) p. 1 (Damascius le Diadoque; Damaskiou Diadochou)</subfield></datafield><datafield ind1=" " ind2=" " tag="670"><subfield code="a">Encycl. Brit.</subfield><subfield code="b">(Damascius (b. ca. 480, d. ca. 550) Greek neoplatonist philosopher)</subfield></datafield><datafield ind1=" " ind2=" " tag="670"><subfield code="a">Papyros-Larous genikeÌ&#x84; pankosmios enkyklopaideia</subfield><subfield code="b">(Damaskios, neoplatonic philosopher from Damascus)</subfield></datafield><datafield ind1=" " ind2=" " tag="670"><subfield code="a">Grand dict. encycl., Larousse</subfield><subfield code="b">(Damaskios, Greek phil., b. ca. 480)</subfield></datafield><datafield ind1=" " ind2=" " tag="670"><subfield code="a">LC data base, 12/11/86</subfield><subfield code="b">(hdg.: Damascius, the Syrian; usage: Damascius) LC manual cat. (usage: Damaskios aus Damaskos, Damascius, Damascius Successor)</subfield></datafield><datafield ind1=" " ind2=" " tag="670"><subfield code="a">Brit. Museum. Gen. cat.</subfield><subfield code="b">(Damascius, the Syrian)</subfield></datafield><datafield ind1=" " ind2=" " tag="675"><subfield code="a">Colliers encycl.</subfield></datafield></record>